@TechReport{icnf,
 author = {ICNF},
 title = {ICNF Multiscale modelling meeting India, a report},
 institution = {NCBS Bangalore},
 year = {2009},
 OPTkey = {},
 OPTtype = {},
 OPTnumber = {},
 OPTaddress = {},
 OPTmonth = {},
 OPTnote = {},
 OPTannote = {},
 OPTurl = {},
 OPTurldate = {},
 OPTlastchecked = {},
 OPTdoi = {},
 OPTisbn = {},
 OPTissn = {},
 OPTlocalfile = {},
 OPTabstract = {},
 OPTkeywords = {},
}
